[gd_scene load_steps=5 format=2]

[ext_resource path="res://main.gd" type="Script" id=1]
[ext_resource path="res://board.gd" type="Script" id=2]
[ext_resource path="res://hand.tscn" type="PackedScene" id=3]
[ext_resource path="res://rules.tscn" type="PackedScene" id=4]

[node name="Main" type="Panel" index="0"]

anchor_left = 0.0
anchor_top = 0.0
anchor_right = 0.0
anchor_bottom = 0.0
margin_right = 1024.0
margin_bottom = 1536.0
rect_pivot_offset = Vector2( 0, 0 )
rect_clip_content = false
mouse_filter = 0
mouse_default_cursor_shape = 0
size_flags_horizontal = 1
size_flags_vertical = 1
script = ExtResource( 1 )
_sections_unfolded = [ "Theme" ]

[node name="Board" type="TextureRect" parent="." index="0"]

anchor_left = 0.0
anchor_top = 0.0
anchor_right = 0.0
anchor_bottom = 0.0
margin_top = 150.0
margin_right = 1024.0
margin_bottom = 1174.0
rect_pivot_offset = Vector2( 0, 0 )
rect_clip_content = false
mouse_filter = 1
mouse_default_cursor_shape = 0
size_flags_horizontal = 1
size_flags_vertical = 1
expand = true
stretch_mode = 4
script = ExtResource( 2 )
_sections_unfolded = [ "Rect", "Theme" ]
__meta__ = {
"_edit_lock_": true
}

[node name="EndTurnBtn" type="Button" parent="." index="1"]

anchor_left = 0.0
anchor_top = 0.0
anchor_right = 0.0
anchor_bottom = 0.0
margin_left = 574.0
margin_top = 1336.0
margin_right = 974.0
margin_bottom = 1486.0
rect_pivot_offset = Vector2( 0, 0 )
rect_clip_content = false
focus_mode = 2
mouse_filter = 0
mouse_default_cursor_shape = 0
size_flags_horizontal = 1
size_flags_vertical = 1
disabled = true
toggle_mode = false
enabled_focus_mode = 2
shortcut = null
group = null
text = "End Turn"
flat = false
align = 1
_sections_unfolded = [ "Rect", "custom_fonts" ]
__meta__ = {
"_edit_lock_": true
}

[node name="RestartBtn" type="Button" parent="." index="2"]

anchor_left = 0.0
anchor_top = 0.0
anchor_right = 0.0
anchor_bottom = 0.0
margin_left = 50.0
margin_top = 1336.0
margin_right = 450.0
margin_bottom = 1486.0
rect_pivot_offset = Vector2( 0, 0 )
rect_clip_content = false
focus_mode = 2
mouse_filter = 0
mouse_default_cursor_shape = 0
size_flags_horizontal = 1
size_flags_vertical = 1
toggle_mode = false
enabled_focus_mode = 2
shortcut = null
group = null
text = "New Game"
flat = false
align = 1
_sections_unfolded = [ "Rect", "custom_fonts" ]
__meta__ = {
"_edit_lock_": true
}

[node name="Debug" type="GridContainer" parent="." index="3"]

editor/display_folded = true
anchor_left = 0.0
anchor_top = 0.0
anchor_right = 0.0
anchor_bottom = 0.0
margin_right = 280.0
margin_bottom = 154.0
rect_pivot_offset = Vector2( 0, 0 )
rect_clip_content = false
mouse_filter = 1
mouse_default_cursor_shape = 0
size_flags_horizontal = 1
size_flags_vertical = 1
columns = 2
__meta__ = {
"_edit_lock_": true
}

[node name="Label1" type="Label" parent="Debug" index="0"]

anchor_left = 0.0
anchor_top = 0.0
anchor_right = 0.0
anchor_bottom = 0.0
margin_right = 243.0
margin_bottom = 14.0
rect_pivot_offset = Vector2( 0, 0 )
rect_clip_content = false
mouse_filter = 2
mouse_default_cursor_shape = 0
size_flags_horizontal = 3
size_flags_vertical = 4
text = "tiles in deck: "
uppercase = true
percent_visible = 1.0
lines_skipped = 0
max_lines_visible = -1
_sections_unfolded = [ "Size Flags" ]

[node name="Label2" type="Label" parent="Debug" index="1"]

anchor_left = 0.0
anchor_top = 0.0
anchor_right = 0.0
anchor_bottom = 0.0
margin_left = 272.0
margin_right = 280.0
margin_bottom = 14.0
rect_pivot_offset = Vector2( 0, 0 )
rect_clip_content = false
mouse_filter = 2
mouse_default_cursor_shape = 0
size_flags_horizontal = 8
size_flags_vertical = 4
text = "0"
uppercase = true
percent_visible = 1.0
lines_skipped = 0
max_lines_visible = -1
_sections_unfolded = [ "Size Flags" ]

[node name="Label7" type="Label" parent="Debug" index="2"]

anchor_left = 0.0
anchor_top = 0.0
anchor_right = 0.0
anchor_bottom = 0.0
margin_top = 18.0
margin_right = 243.0
margin_bottom = 32.0
rect_pivot_offset = Vector2( 0, 0 )
rect_clip_content = false
mouse_filter = 2
mouse_default_cursor_shape = 0
size_flags_horizontal = 3
size_flags_vertical = 4
text = "Turn:"
uppercase = true
percent_visible = 1.0
lines_skipped = 0
max_lines_visible = -1
_sections_unfolded = [ "Size Flags" ]

[node name="Label8" type="Label" parent="Debug" index="3"]

anchor_left = 0.0
anchor_top = 0.0
anchor_right = 0.0
anchor_bottom = 0.0
margin_left = 247.0
margin_top = 18.0
margin_right = 280.0
margin_bottom = 32.0
rect_pivot_offset = Vector2( 0, 0 )
rect_clip_content = false
mouse_filter = 2
mouse_default_cursor_shape = 0
size_flags_horizontal = 1
size_flags_vertical = 4
text = "blue"
uppercase = true
percent_visible = 1.0
lines_skipped = 0
max_lines_visible = -1
_sections_unfolded = [ "Size Flags" ]

[node name="Player" parent="." index="4" instance=ExtResource( 3 )]

margin_left = 152.0
margin_top = 1161.0
margin_right = 872.0
margin_bottom = 1289.0

[node name="AI" parent="." index="5" instance=ExtResource( 3 )]

visible = false
margin_left = 152.0
margin_top = 1161.0
margin_right = 872.0
margin_bottom = 1289.0

[node name="Score" type="GridContainer" parent="." index="6"]

editor/display_folded = true
anchor_left = 0.0
anchor_top = 0.0
anchor_right = 0.0
anchor_bottom = 0.0
margin_left = 730.0
margin_top = 3.0
margin_right = 1016.0
margin_bottom = 90.0
rect_pivot_offset = Vector2( 0, 0 )
rect_clip_content = false
mouse_filter = 1
mouse_default_cursor_shape = 0
size_flags_horizontal = 1
size_flags_vertical = 1
columns = 2

[node name="Label" type="Label" parent="Score" index="0"]

anchor_left = 0.0
anchor_top = 0.0
anchor_right = 0.0
anchor_bottom = 0.0
margin_right = 141.0
margin_bottom = 14.0
rect_pivot_offset = Vector2( 0, 0 )
rect_clip_content = false
mouse_filter = 2
mouse_default_cursor_shape = 0
size_flags_horizontal = 3
size_flags_vertical = 4
text = "blue score:"
uppercase = true
percent_visible = 1.0
lines_skipped = 0
max_lines_visible = -1
_sections_unfolded = [ "Size Flags" ]
__meta__ = {
"_edit_lock_": true
}

[node name="Label2" type="Label" parent="Score" index="1"]

anchor_left = 0.0
anchor_top = 0.0
anchor_right = 0.0
anchor_bottom = 0.0
margin_left = 145.0
margin_right = 286.0
margin_bottom = 14.0
rect_pivot_offset = Vector2( 0, 0 )
rect_clip_content = false
mouse_filter = 2
mouse_default_cursor_shape = 0
size_flags_horizontal = 3
size_flags_vertical = 4
text = "0"
align = 2
uppercase = true
percent_visible = 1.0
lines_skipped = 0
max_lines_visible = -1
_sections_unfolded = [ "Size Flags" ]
__meta__ = {
"_edit_lock_": true
}

[node name="Label3" type="Label" parent="Score" index="2"]

anchor_left = 0.0
anchor_top = 0.0
anchor_right = 0.0
anchor_bottom = 0.0
margin_top = 18.0
margin_right = 141.0
margin_bottom = 32.0
rect_pivot_offset = Vector2( 0, 0 )
rect_clip_content = false
mouse_filter = 2
mouse_default_cursor_shape = 0
size_flags_horizontal = 3
size_flags_vertical = 4
text = "red score:"
uppercase = true
percent_visible = 1.0
lines_skipped = 0
max_lines_visible = -1
_sections_unfolded = [ "Size Flags" ]
__meta__ = {
"_edit_lock_": true
}

[node name="Label4" type="Label" parent="Score" index="3"]

anchor_left = 0.0
anchor_top = 0.0
anchor_right = 0.0
anchor_bottom = 0.0
margin_left = 145.0
margin_top = 18.0
margin_right = 286.0
margin_bottom = 32.0
rect_pivot_offset = Vector2( 0, 0 )
rect_clip_content = false
mouse_filter = 2
mouse_default_cursor_shape = 0
size_flags_horizontal = 3
size_flags_vertical = 4
text = "0"
align = 2
uppercase = true
percent_visible = 1.0
lines_skipped = 0
max_lines_visible = -1
_sections_unfolded = [ "Size Flags" ]
__meta__ = {
"_edit_lock_": true
}

[node name="WinLbl" type="Label" parent="." index="7"]

visible = false
anchor_left = 0.0
anchor_top = 0.0
anchor_right = 0.0
anchor_bottom = 0.0
margin_left = 312.0
margin_top = 511.0
margin_right = 712.0
margin_bottom = 578.0
rect_pivot_offset = Vector2( 0, 0 )
rect_clip_content = false
mouse_filter = 2
mouse_default_cursor_shape = 0
size_flags_horizontal = 1
size_flags_vertical = 4
custom_colors/font_color = Color( 1, 1, 1, 1 )
text = "blue wins!"
align = 1
uppercase = true
percent_visible = 1.0
lines_skipped = 0
max_lines_visible = -1
_sections_unfolded = [ "custom_fonts" ]
__meta__ = {
"_edit_lock_": true
}

[node name="Rules" parent="." index="8" instance=ExtResource( 4 )]

visible = false

[connection signal="pressed" from="EndTurnBtn" to="." method="_on_EndTurnBtn_pressed"]

[connection signal="pressed" from="RestartBtn" to="." method="_on_RestartBtn_pressed"]


